%% This BibTeX bibliography file was created using BibDesk.
%% http://bibdesk.sourceforge.net/


%% Created for Lucas Garron at 2013-10-08 06:44:15 -0700 


%% Saved with string encoding Unicode (UTF-8) 



@url{scrapy,
	Date-Added = {2013-10-08 13:43:44 +0000},
	Date-Modified = {2013-10-08 13:44:15 +0000},
	Lastchecked = {October 08, 2013},
	Title = {Scrapy | An open source web scraping framework for Python},
	Url = {http://scrapy.org/}}

@url{alexa,
	Author = {Alexa Internet, Inc.},
	Date-Added = {2013-10-08 03:08:23 +0000},
	Date-Modified = {2013-10-08 03:09:11 +0000},
	Lastchecked = {October 07, 2013},
	Title = {Alexa Top Sites},
	Url = {http://www.alexa.com/topsites},
	Urldate = {September 24, 2013},
	Bdsk-Url-1 = {http://www.alexa.com/topsites}}

@url{firefox-cron-expiration,
	Date-Added = {2013-10-03 10:13:26 +0000},
	Date-Modified = {2013-10-03 10:15:01 +0000},
	Lastchecked = {October 03, 2013},
	Title = {Bug 800444 - disable the HSTS preload list if the list has gone 18 weeks without an update},
	Url = {https://bugzilla.mozilla.org/show_bug.cgi?id=800444},
	Urldate = {2013-03-01 14:26 PST},
	Bdsk-Url-1 = {https://bugzilla.mozilla.org/show_bug.cgi?id=800444}}

@url{firefox-cron-script,
	Date-Added = {2013-10-03 09:58:49 +0000},
	Date-Modified = {2013-10-03 09:59:37 +0000},
	Lastchecked = {October 03, 2013},
	Title = {update\_hsts\_preload\_list.sh},
	Url = {https://mxr.mozilla.org/build/source/tools/scripts/hsts/update_hsts_preload_list.sh},
	Bdsk-Url-1 = {https://mxr.mozilla.org/build/source/tools/scripts/hsts/update_hsts_preload_list.sh}}

@url{firefox-cron,
	Date-Added = {2013-10-03 09:51:00 +0000},
	Date-Modified = {2013-10-03 09:59:40 +0000},
	Lastchecked = {October 03, 2013},
	Title = {Bug 836097 - automate updating the in-tree HSTS preload list},
	Url = {https://bugzilla.mozilla.org/show_bug.cgi?id=836097},
	Bdsk-Url-1 = {https://bugzilla.mozilla.org/show_bug.cgi?id=836097}}

@url{firefox-errors,
	Date-Added = {2013-10-03 08:41:19 +0000},
	Date-Modified = {2013-10-03 09:01:18 +0000},
	Lastchecked = {October 03, 2013},
	Title = {nsSTSPreloadList.errors},
	Url = {https://mxr.mozilla.org/mozilla-central/source/security/manager/boot/src/nsSTSPreloadList.errors},
	Bdsk-Url-1 = {https://mxr.mozilla.org/mozilla-central/source/security/manager/boot/src/nsSTSPreloadList.errors}}

@url{firefox-list,
	Date-Added = {2013-10-03 08:41:19 +0000},
	Date-Modified = {2013-10-03 09:13:21 +0000},
	Lastchecked = {October 03, 2013},
	Title = {nsSTSPreloadList.inc},
	Url = {https://mxr.mozilla.org/mozilla-central/source/security/manager/boot/src/nsSTSPreloadList.inc},
	Bdsk-Url-1 = {https://mxr.mozilla.org/mozilla-central/source/security/manager/boot/src/nsSTSPreloadList.inc}}

@url{firefox-script,
	Date-Added = {2013-10-03 08:40:31 +0000},
	Date-Modified = {2013-10-03 09:01:44 +0000},
	Lastchecked = {October 03, 2013},
	Title = {getHSTSPreloadList.js},
	Url = {https://mxr.mozilla.org/mozilla-central/source/security/manager/tools/getHSTSPreloadList.js},
	Bdsk-Url-1 = {https://mxr.mozilla.org/mozilla-central/source/security/manager/tools/getHSTSPreloadList.js}}

@url{mozilla-sec-blog,
	Author = {dkeeler},
	Date-Added = {2013-09-28 03:22:22 +0000},
	Date-Modified = {2013-09-28 03:27:18 +0000},
	Lastchecked = {September 27, 2013},
	Month = {November},
	Read = {0},
	Title = {Preloading HSTS},
	Url = {https://blog.mozilla.org/security/2012/11/01/preloading-hsts/},
	Urldate = {November 1, 2012},
	Year = {2012},
	Bdsk-Url-1 = {https://blog.mozilla.org/security/2012/11/01/preloading-hsts/}}

@url{opera,
	Date-Added = {2013-09-28 03:19:55 +0000},
	Date-Modified = {2013-09-29 10:01:08 +0000},
	Lastchecked = {September 27, 2013},
	Title = {Web specifications support in Opera Presto 2.10},
	Url = {http://www.opera.com/docs/specs/presto2.10/#m210-244},
	Urldate = {April 23, 2012},
	Bdsk-Url-1 = {http://www.opera.com/docs/specs/presto2.10/#m210-244}}

@url{mdn,
	Date-Added = {2013-09-28 03:14:27 +0000},
	Date-Modified = {2013-09-29 10:01:37 +0000},
	Lastchecked = {September 27, 2013},
	Title = {HTTP Strict Transport Security},
	Url = {https://developer.mozilla.org/en-US/docs/Security/HTTP_Strict_Transport_Security},
	Urldate = {May 29, 2013},
	Year = {2013},
	Bdsk-Url-1 = {https://developer.mozilla.org/en-US/docs/Security/HTTP_Strict_Transport_Security}}

@url{sts-list,
	Date-Added = {2013-09-28 03:11:07 +0000},
	Date-Modified = {2013-10-01 08:23:55 +0000},
	Lastchecked = {September 27, 2013},
	Title = {transport\_security\_state\_static.json},
	Url = {https://src.chromium.org/viewvc/chrome/trunk/src/net/http/transport_security_state_static.json},
	Urldate = {Tue Sep 24},
	Bdsk-Url-1 = {https://src.chromium.org/viewvc/chrome/trunk/src/net/http/transport_security_state_static.json}}

@url{chrome-panel,
	Date-Added = {2013-09-28 03:08:15 +0000},
	Date-Modified = {2013-09-29 10:02:05 +0000},
	Lastchecked = {September 27, 2013},
	Title = {Chrome HSTS Network Panel},
	Url = {chrome://net-internals/#hsts},
	Bdsk-Url-1 = {chrome://net-internals/#hsts}}

@url{wiki,
	Date-Added = {2013-09-28 03:08:03 +0000},
	Date-Modified = {2013-09-29 10:03:15 +0000},
	Lastchecked = {September 27, 2013},
	Title = {HTTP Strict Transport Security},
	Url = {https://en.wikipedia.org/wiki/HTTP_Strict_Transport_Security},
	Urldate = {9 September 2013},
	Bdsk-Url-1 = {https://en.wikipedia.org/wiki/HTTP_Strict_Transport_Security}}

@url{support,
	Date-Added = {2013-09-28 03:06:40 +0000},
	Date-Modified = {2013-09-29 09:59:19 +0000},
	Lastchecked = {September 27, 2013},
	Title = {Can I use... HSTS?},
	Url = {http://caniuse.com/#search=HSTS},
	Urldate = {September 23, 2013},
	Year = {2013},
	Bdsk-Url-1 = {http://caniuse.com/#search=HSTS}}

@url{sts-home,
	Date-Added = {2013-09-28 03:06:16 +0000},
	Date-Modified = {2013-09-29 10:00:06 +0000},
	Lastchecked = {September 27, 2013},
	Title = {HTTP Strict Transport Security},
	Url = {http://www.chromium.org/sts},
	Bdsk-Url-1 = {http://www.chromium.org/sts}}

@url{rfc,
	Author = {J. Hodges, C. Jackson, A. Barth},
	Date-Added = {2013-09-28 03:05:28 +0000},
	Date-Modified = {2013-09-29 10:00:48 +0000},
	Lastchecked = {September 27, 2013},
	Month = {November},
	Title = {HTTP Strict Transport Security (HSTS)},
	Url = {https://tools.ietf.org/html/rfc6797},
	Urldate = {November 2012},
	Year = {2012},
	Bdsk-Url-1 = {https://tools.ietf.org/html/rfc6797}}
